
   <record>
      <leader>00000nz  a2200000nc 4500</leader>
      <controlfield tag="001">institutions/51004482</controlfield>
      <controlfield tag="003">DE-633</controlfield>
      <controlfield tag="005">20250620052256.0</controlfield>
      <controlfield tag="008">201028||||z|||a|||||||||||||||||n||||||d</controlfield>
      <datafield tag="024" ind1="7" ind2=" ">
         <subfield code="a">310521084</subfield>
         <subfield code="2">VIAF</subfield>
      </datafield>
      <datafield tag="024" ind1="7" ind2=" ">
         <subfield code="a">Q12736099</subfield>
         <subfield code="2">WKP</subfield>
      </datafield>
      <datafield tag="024" ind1="7" ind2=" ">
         <subfield code="a">RO-Bmnge</subfield>
         <subfield code="q">siglum</subfield>
         <subfield code="2">rism</subfield>
      </datafield>
      <datafield tag="034" ind1="1" ind2=" ">
         <subfield code="d">26.088543856619346</subfield>
         <subfield code="f">44.4486380849168</subfield>
      </datafield>
      <datafield tag="040" ind1=" " ind2=" ">
         <subfield code="a">DE-633</subfield>
         <subfield code="c">DE-633</subfield>
         <subfield code="e">rismg</subfield>
      </datafield>
      <datafield tag="043" ind1=" " ind2=" ">
         <subfield code="c">XA-RO</subfield>
      </datafield>
      <datafield tag="110" ind1="1" ind2=" ">
         <subfield code="a">Muzeul Național George Enescu</subfield>
         <subfield code="c">București</subfield>
         <subfield code="g">RO-Bmnge</subfield>
      </datafield>
      <datafield tag="368" ind1=" " ind2=" ">
         <subfield code="a">Institution</subfield>
         <subfield code="a">Library</subfield>
         <subfield code="a">Archive</subfield>
         <subfield code="a">Museum</subfield>
      </datafield>
      <datafield tag="371" ind1=" " ind2=" ">
         <subfield code="a">Calea Victoriei, nr. 141, sector 1</subfield>
         <subfield code="b">București, 010071</subfield>
         <subfield code="d">Romania</subfield>
         <subfield code="m">office@georgeenescu.ro</subfield>
         <subfield code="u">https://www.georgeenescu.ro/</subfield>
         <subfield code="z">tel: +40 / 0747.290.104</subfield>
         <subfield code="z">fax: +40 / 21.312.91.82</subfield>
      </datafield>
      <datafield tag="510" ind1="2" ind2=" ">
         <subfield code="a">The National Museum "George Enescu"</subfield>
      </datafield>
      <datafield tag="551" ind1="1" ind2=" ">
         <subfield code="a">București</subfield>
         <subfield code="0">places/3900625</subfield>
      </datafield>
      <datafield tag="700" ind1="1" ind2=" ">
         <subfield code="a">Enescu, George</subfield>
         <subfield code="d">1881-1955</subfield>
         <subfield code="0">people/30075173</subfield>
         <subfield code="4">asn</subfield>
      </datafield>
   </record>