
   <record>
      <leader>00000nz  a2200000nc 4500</leader>
      <controlfield tag="001">institutions/30002119</controlfield>
      <controlfield tag="003">DE-633</controlfield>
      <controlfield tag="005">20250620052010.0</controlfield>
      <controlfield tag="008">161109||||z|||a|||||||||||||||||n||||||d</controlfield>
      <datafield tag="024" ind1="7" ind2=" ">
         <subfield code="a">RO-Cu</subfield>
         <subfield code="q">siglum</subfield>
         <subfield code="2">rism</subfield>
      </datafield>
      <datafield tag="034" ind1="1" ind2=" ">
         <subfield code="d">23.584861</subfield>
         <subfield code="f">46.767050</subfield>
      </datafield>
      <datafield tag="040" ind1=" " ind2=" ">
         <subfield code="a">DE-633</subfield>
         <subfield code="c">DE-633</subfield>
         <subfield code="e">rismg</subfield>
      </datafield>
      <datafield tag="043" ind1=" " ind2=" ">
         <subfield code="c">XA-RO</subfield>
      </datafield>
      <datafield tag="110" ind1="1" ind2=" ">
         <subfield code="a">Biblioteca Centrală Universitară "Lucian Blaga"</subfield>
         <subfield code="c">Cluj-Napoca</subfield>
         <subfield code="g">RO-Cu</subfield>
      </datafield>
      <datafield tag="368" ind1=" " ind2=" ">
         <subfield code="a">Institution</subfield>
         <subfield code="a">Library</subfield>
      </datafield>
      <datafield tag="371" ind1=" " ind2=" ">
         <subfield code="a">Str. Clinicilor, nr. 2</subfield>
         <subfield code="b">Cluj-Napoca</subfield>
         <subfield code="d">Romania</subfield>
         <subfield code="e">400006</subfield>
         <subfield code="u">https://www.bcucluj.ro/en/resursele-bibliotecii/cat/csnote</subfield>
         <subfield code="z">tel: +40 / (0)264 / 597092</subfield>
         <subfield code="z">fax: +40 / (0)264 / 597633</subfield>
      </datafield>
      <datafield tag="410" ind1=" " ind2=" ">
         <subfield code="a">Lucian Blaga Központi Egyetemi Könyvtár</subfield>
      </datafield>
      <datafield tag="410" ind1=" " ind2=" ">
         <subfield code="a">“Lucian Blaga” Central University Library</subfield>
      </datafield>
      <datafield tag="551" ind1="1" ind2=" ">
         <subfield code="a">Cluj-Napoca</subfield>
         <subfield code="0">places/3903363</subfield>
      </datafield>
      <datafield tag="667" ind1=" " ind2=" ">
         <subfield code="a">Published sources: 1</subfield>
      </datafield>
   </record>