
   <record>
      <leader>00000nz  a2200000nc 4500</leader>
      <controlfield tag="001">institutions/51008130</controlfield>
      <controlfield tag="003">DE-633</controlfield>
      <controlfield tag="005">20250620052320.0</controlfield>
      <controlfield tag="008">240722||||z|||a|||||||||||||||||n||||||d</controlfield>
      <datafield tag="024" ind1="7" ind2=" ">
         <subfield code="a">Q18542264</subfield>
         <subfield code="2">WKP</subfield>
      </datafield>
      <datafield tag="024" ind1="7" ind2=" ">
         <subfield code="a">RO-DO</subfield>
         <subfield code="q">siglum</subfield>
         <subfield code="2">rism</subfield>
      </datafield>
      <datafield tag="034" ind1="1" ind2=" ">
         <subfield code="d">26.391579804733894</subfield>
         <subfield code="f">47.958427793394236</subfield>
      </datafield>
      <datafield tag="040" ind1=" " ind2=" ">
         <subfield code="a">DE-633</subfield>
         <subfield code="c">DE-633</subfield>
         <subfield code="e">rismg</subfield>
      </datafield>
      <datafield tag="043" ind1=" " ind2=" ">
         <subfield code="c">XA-RO</subfield>
      </datafield>
      <datafield tag="110" ind1="1" ind2=" ">
         <subfield code="a">Muzeul Memorial "George Enescu"</subfield>
         <subfield code="c">Dorohoi</subfield>
         <subfield code="g">RO-DO</subfield>
      </datafield>
      <datafield tag="368" ind1=" " ind2=" ">
         <subfield code="a">Institution</subfield>
         <subfield code="a">Library</subfield>
         <subfield code="a">Museum</subfield>
      </datafield>
      <datafield tag="371" ind1=" " ind2=" ">
         <subfield code="a">Str. George Enescu, nr. 81</subfield>
         <subfield code="b">Dorohoi</subfield>
         <subfield code="c">Județul Botoșani</subfield>
         <subfield code="d">Romania</subfield>
         <subfield code="e">715200</subfield>
         <subfield code="m">enescu@muzeubt.ro</subfield>
         <subfield code="u">https://www.muzeubt.ro/sectii/muzeul-memorial-george-enescu-dorohoi</subfield>
         <subfield code="z">tel: +40 / 0231 615450</subfield>
      </datafield>
      <datafield tag="410" ind1=" " ind2=" ">
         <subfield code="a">The George Enescu Memorial Museum</subfield>
      </datafield>
      <datafield tag="551" ind1="1" ind2=" ">
         <subfield code="a">Dorohoi</subfield>
         <subfield code="0">places/50021003</subfield>
      </datafield>
   </record>