
   <record>
      <leader>00000nz  a2200000nc 4500</leader>
      <controlfield tag="001">institutions/51006078</controlfield>
      <controlfield tag="003">DE-633</controlfield>
      <controlfield tag="005">20250620052306.0</controlfield>
      <controlfield tag="008">220121||||z|||a|||||||||||||||||n||||||d</controlfield>
      <datafield tag="024" ind1="7" ind2=" ">
         <subfield code="a">RO-Ggfl</subfield>
         <subfield code="q">siglum</subfield>
         <subfield code="2">rism</subfield>
      </datafield>
      <datafield tag="034" ind1="1" ind2=" ">
         <subfield code="d">25.60335999813782</subfield>
         <subfield code="f">46.72209662411896</subfield>
      </datafield>
      <datafield tag="040" ind1=" " ind2=" ">
         <subfield code="a">DE-633</subfield>
         <subfield code="c">DE-633</subfield>
         <subfield code="e">rismg</subfield>
      </datafield>
      <datafield tag="043" ind1=" " ind2=" ">
         <subfield code="c">XA-RO</subfield>
      </datafield>
      <datafield tag="110" ind1="1" ind2=" ">
         <subfield code="a">Gyulafehérvári Főegyházmegyei Levéltár Gyergyószentmiklósi Gyűjtőlevéltára, Gyergyószentmiklós</subfield>
         <subfield code="c">Gyergyószentmiklós; Gheorgheni</subfield>
         <subfield code="g">RO-Ggfl</subfield>
      </datafield>
      <datafield tag="368" ind1=" " ind2=" ">
         <subfield code="a">Institution</subfield>
         <subfield code="a">Library</subfield>
         <subfield code="a">Archive</subfield>
      </datafield>
      <datafield tag="371" ind1=" " ind2=" ">
         <subfield code="a">str. Márton Áron, nr. 9</subfield>
         <subfield code="b">Gheorgheni</subfield>
         <subfield code="d">Romania</subfield>
         <subfield code="e">535500</subfield>
         <subfield code="u">https://gyfl.ro/</subfield>
      </datafield>
      <datafield tag="510" ind1="2" ind2=" ">
         <subfield code="a">Arhiva Arhidiecezană Romano-Catolică de Alba Iulia, Arhiva de Colecţie din Gheorgheni</subfield>
      </datafield>
      <datafield tag="510" ind1="2" ind2=" ">
         <subfield code="a">Archbishopric Archive Alba Iulia, coll. Gheorgheni</subfield>
      </datafield>
      <datafield tag="551" ind1="1" ind2=" ">
         <subfield code="a">Gheorgheni</subfield>
         <subfield code="0">places/50019160</subfield>
      </datafield>
   </record>